%%%%%%%%%%%%%%%% introduction %%%%%%%%%%%%%%%%%%
@article{oshea2015introToCNN,
  title={An introduction to convolutional neural networks},
  author={O'Shea, Keiron and Nash, Ryan},
  journal={arXiv preprint arXiv:1511.08458},
  year={2015}
}
@article{won2021book,
  title={Music Classification: Beyond Supervised Learning, Towards Real-world Applications},
  author={Won, Minz and Spijkervet, Janne and Choi, Keunwoo},
  journal={arXiv preprint arXiv:2111.11636},
  year={2021}
}
@article{won2020evaluation,
  title={Evaluation of CNN-based automatic music tagging models},
  author={Won, Minz and Ferraro, Andres and Bogdanov, Dmitry and Serra, Xavier},
  journal={arXiv preprint arXiv:2006.00751},
  year={2020}
}
@book{goodfellow2016book,
  title={Deep learning},
  author={Goodfellow, Ian and Bengio, Yoshua and Courville, Aaron},
  year={2016},
  publisher={MIT press}
}
@incollection{peeters2021deep,
  title={Deep Learning for Audio and Music},
  author={Peeters, Geoffroy and Richard, Ga{\"e}l},
  booktitle={Multi-faceted Deep Learning},
  pages={231--266},
  year={2021},
  publisher={Springer}
}
@article{purwins2019deep,
  title={Deep learning for audio signal processing},
  author={Purwins, Hendrik and Li, Bo and Virtanen, Tuomas and Schl{\"u}ter, Jan and Chang, Shuo-Yiin and Sainath, Tara},
  journal={IEEE Journal of Selected Topics in Signal Processing},
  volume={13},
  number={2},
  pages={206--219},
  year={2019},
  publisher={IEEE}
}
@article{nam2018deep,
  title={Deep learning for audio-based music classification and tagging: Teaching computers to distinguish rock from bach},
  author={Nam, Juhan and Choi, Keunwoo and Lee, Jongpil and Chou, Szu-Yu and Yang, Yi-Hsuan},
  journal={IEEE signal processing magazine},
  volume={36},
  number={1},
  pages={41--51},
  year={2018},
  publisher={IEEE}
}
@article{krizhevsky2012imagenet,
  title={Imagenet classification with deep convolutional neural networks},
  author={Krizhevsky, Alex and Sutskever, Ilya and Hinton, Geoffrey E},
  journal={Advances in neural information processing systems},
  volume={25},
  year={2012}
}
@article{simonyan2014very,
  title={Very deep convolutional networks for large-scale image recognition},
  author={Simonyan, Karen and Zisserman, Andrew},
  journal={arXiv preprint arXiv:1409.1556},
  year={2014}
}

%%%%%%%%%%%%%%%% instrument recognition (traditional) %%%%%%%%%%%%%%%%%%
@phdthesis{livshin2007automatic,
  title={Automatic Musical Instrument Recognition and Related Topics},
  author={Livshin, Arie},
  year={2007},
  school={Universit{\'e} Pierre et Marie Curie-Paris VI}
}
@inproceedings{kaminsky1995automatic,
  title={Automatic source identification of monophonic musical instrument sounds},
  author={Kaminsky, I and Materka, Andrzej},
  booktitle={Proceedings of ICNN'95-International Conference on Neural Networks},
  volume={1},
  pages={189--194},
  year={1995},
  organization={IEEE}
}
@inproceedings{eronen2000musical,
  title={Musical instrument recognition using cepstral coefficients and temporal features},
  author={Eronen, Antti and Klapuri, Anssi},
  booktitle={2000 IEEE International Conference on Acoustics, Speech, and Signal Processing. Proceedings (Cat. No. 00CH37100)},
  volume={2},
  pages={II753--II756},
  year={2000},
  organization={IEEE}
}
@inproceedings{david2004efficient,
  title={Efficient musical instrument recognition on solo performance music using basic features},
  author={David, Bertrand and Richard, Ga{\"e}l and Essid, Slim},
  booktitle={Audio Engineering Society Conference: 25th International Conference: Metadata for Audio},
  year={2004},
  organization={Audio Engineering Society}
}
@article{essid2005instrument,
  title={Instrument recognition in polyphonic music based on automatic taxonomies},
  author={Essid, Slim and Richard, Ga{\"e}l and David, Bertrand},
  journal={IEEE Transactions on Audio, Speech, and Language Processing},
  volume={14},
  number={1},
  pages={68--80},
  year={2005},
  publisher={IEEE}
}
@inproceedings{heittola2009musical,
  title={Musical instrument recognition in polyphonic audio using source-filter model for sound separation.},
  author={Heittola, Toni and Klapuri, Anssi and Virtanen, Tuomas},
  booktitle={ISMIR},
  pages={327--332},
  year={2009}
}

%%%%%%%%%%%%%%%% instrument recognition (deep learning) %%%%%%%%%%%%%%%%%%
@article{li2015automatic,
  title={Automatic instrument recognition in polyphonic music using convolutional neural networks},
  author={Li, Peter and Qian, Jiyuan and Wang, Tian},
  journal={arXiv preprint arXiv:1511.05520},
  year={2015}
}
@article{seipel2018music,
  title={Music Instrument Identification using Convolutional Neural Networks},
  author={Seipel, Fabian},
  journal={TU Berlin, Institut f{\"u}r Kommunikation und Sprache, Fachgebiet Audiotechnologie, Masterarbeit},
  year={2018}
}
@article{garcia2021leveraging,
  title={Leveraging Hierarchical Structures for Few-Shot Musical Instrument Recognition},
  author={Garcia, Hugo Flores and Aguilar, Aldo and Manilow, Ethan and Pardo, Bryan},
  journal={arXiv preprint arXiv:2107.07029},
  year={2021}
}
@mastersthesis{kadandale2018musical,
  title={Musical Instrument Recognition in Multi-Instrument Audio Contexts},
  author={Kadandale, Venkatesh Shenoy},
  year={2018},
  school={MSc thesis, Universitat Pompeu Fabra}
}

%%%%%%%%%%%%%%%% timbre and loudness %%%%%%%%%%%%%%%%%%
@inproceedings{gillick2019estimating,
  title={Estimating Unobserved Audio Features for Target-Based Orchestration.},
  author={Gillick, Jon and Cella, Carmine-Emanuele and Bamman, David},
  booktitle={ISMIR},
  pages={192--199},
  year={2019}
}
@inproceedings{soulodre2004evaluation,
  title={Evaluation of objective loudness meters},
  author={Soulodre, Gilbert A},
  booktitle={Audio Engineering Society Convention 116},
  year={2004},
  organization={Audio Engineering Society}
}
@TechReport{itu2015recommendation,
author = {ITU-R},
title = {Algorithms to measure audio programme loudness and true-peak audio level},
institution = {International Telecommunication Union},
type = {Recommendation},
number = {ITU-R BS.1770-4},
month = oct,
year = {2015},
}
@TechReport{ebu2020recommendation,
author = {EBU},
title = {Loudness normalisation and permitted maximum level of audio signals},
institution = {European Broadcasting Union},
type = {Recommendation},
number = {EBU R 128},
month = aug,
year = {2020},
}
@book{moore2012introduction,
  title={An introduction to the psychology of hearing},
  author={Moore, Brian CJ},
  year={2012},
  publisher={Brill}
}
@book{zwicker2013psychoacoustics,
  title={Psychoacoustics: Facts and models},
  author={Zwicker, Eberhard and Fastl, Hugo},
  volume={22},
  year={2013},
  publisher={Springer Science \& Business Media}
}
@article{fletcher1933loudness,
  title={Loudness, its definition, measurement and calculation},
  author={Fletcher, Harvey and Munson, Wilden A},
  journal={Bell System Technical Journal},
  volume={12},
  number={4},
  pages={377--430},
  year={1933},
  publisher={Wiley Online Library}
}
@article{peeters2011timbre,
  title={The timbre toolbox: Extracting audio descriptors from musical signals},
  author={Peeters, Geoffroy and Giordano, Bruno L and Susini, Patrick and Misdariis, Nicolas and McAdams, Stephen},
  journal={The Journal of the Acoustical Society of America},
  volume={130},
  number={5},
  pages={2902--2916},
  year={2011},
  publisher={Acoustical Society of America}
}
@inproceedings{logan2000mfcc,
  title={Mel frequency cepstral coefficients for music modeling},
  author={Logan, Beth},
  booktitle={In International Symposium on Music Information Retrieval},
  year={2000},
  organization={Citeseer}
}
@article{pollard1982tristimulus,
  title={A tristimulus method for the specification of musical timbre},
  author={Pollard, Howard F and Jansson, Erik V},
  journal={Acta Acustica united with Acustica},
  volume={51},
  number={3},
  pages={162--171},
  year={1982},
  publisher={S. Hirzel Verlag}
}
@book{siedenburg2019timbre,
  title={Timbre: Acoustics, perception, and cognition},
  author={Siedenburg, Kai and Saitis, Charalampos and McAdams, Stephen and Popper, Arthur N and Fay, Richard R},
  volume={69},
  year={2019},
  publisher={Springer}
}
@article{pachet2004improving,
  title={Improving timbre similarity: How high is the sky},
  author={Pachet, Francois and Aucouturier, Jean-Julien},
  journal={Journal of negative results in speech and audio sciences},
  volume={1},
  number={1},
  pages={1--13},
  year={2004}
}
@book{sethares2005tuning,
  title={Tuning, timbre, spectrum, scale},
  author={Sethares, William A},
  year={2005},
  publisher={Springer Science \& Business Media}
}


%%%%%%%%%%%%%%%% datasets %%%%%%%%%%%%%%%%%%
@inproceedings{deng2009imagenet,
  title={Imagenet: A large-scale hierarchical image database},
  author={Deng, Jia and Dong, Wei and Socher, Richard and Li, Li-Jia and Li, Kai and Fei-Fei, Li},
  booktitle={2009 IEEE conference on computer vision and pattern recognition},
  pages={248--255},
  year={2009},
  organization={Ieee}
}
@article{bogdanov2019jamendo,
  title={The MTG-Jamendo dataset for automatic music tagging},
  author={Bogdanov, Dmitry and Won, Minz and Tovstogan, Philip and Porter, Alastair and Serra, Xavier},
  year={2019}
}
@inproceedings{bittner2014medleydb,
  title={Medleydb: A multitrack dataset for annotation-intensive mir research.},
  author={Bittner, Rachel M and Salamon, Justin and Tierney, Mike and Mauch, Matthias and Cannam, Chris and Bello, Juan Pablo},
  booktitle={ISMIR},
  volume={14},
  pages={155--160},
  year={2014}
}
@article{bittner2016medleydb2,
  title={MedleyDB 2.0: New data and a system for sustainable data collection},
  author={Bittner, Rachel M and Wilkins, Julia and Yip, Hanna and Bello, Juan P},
  journal={ISMIR Late Breaking and Demo Papers},
  pages={36},
  year={2016}
}
@article{gururani2017mixingsecrets,
  title={Mixing secrets: A multi-track dataset for instrument recognition in polyphonic music},
  author={Gururani, Siddharth and Lerch, Alexander},
  journal={Proc. ISMIR-LBD},
  pages={1--2},
  year={2017}
}
@inproceedings{manilow2019slakh,
  title={Cutting music source separation some Slakh: A dataset to study the impact of training data quality and quantity},
  author={Manilow, Ethan and Wichern, Gordon and Seetharaman, Prem and Le Roux, Jonathan},
  booktitle={2019 IEEE Workshop on Applications of Signal Processing to Audio and Acoustics (WASPAA)},
  pages={45--49},
  year={2019},
  organization={IEEE}
}
@article{bertin2011msd,
  title={The million song dataset},
  author={Bertin-Mahieux, Thierry and Ellis, Daniel PW and Whitman, Brian and Lamere, Paul},
  year={2011}
}
@inproceedings{law2009mtat,
  title={Evaluation of algorithms using games: The case of music tagging.},
  author={Law, Edith and West, Kris and Mandel, Michael I and Bay, Mert and Downie, J Stephen},
  booktitle={ISMIR},
  pages={387--392},
  year={2009}
}
@inproceedings{gemmeke2017audioset,
  title={Audio set: An ontology and human-labeled dataset for audio events},
  author={Gemmeke, Jort F and Ellis, Daniel PW and Freedman, Dylan and Jansen, Aren and Lawrence, Wade and Moore, R Channing and Plakal, Manoj and Ritter, Marvin},
  booktitle={2017 IEEE international conference on acoustics, speech and signal processing (ICASSP)},
  pages={776--780},
  year={2017},
  organization={IEEE}
}
@inproceedings{humphrey2018openmic,
  title={OpenMIC-2018: An Open Data-set for Multiple Instrument Recognition.},
  author={Humphrey, Eric and Durand, Simon and McFee, Brian},
  booktitle={ISMIR},
  pages={438--444},
  year={2018}
}


%%%%%%%%%%%%%%%% libraries %%%%%%%%%%%%%%%%%%
@article{nickolls2008cuda,
  title={Scalable parallel programming with cuda: Is cuda the parallel programming model that application developers have been waiting for?},
  author={Nickolls, John and Buck, Ian and Garland, Michael and Skadron, Kevin},
  journal={Queue},
  volume={6},
  number={2},
  pages={40--53},
  year={2008},
  publisher={ACM New York, NY, USA}
}
@article{paszke2019pytorch,
  title={Pytorch: An imperative style, high-performance deep learning library},
  author={Paszke, Adam and Gross, Sam and Massa, Francisco and Lerer, Adam and Bradbury, James and Chanan, Gregory and Killeen, Trevor and Lin, Zeming and Gimelshein, Natalia and Antiga, Luca and others},
  journal={Advances in neural information processing systems},
  volume={32},
  year={2019}
}
@inproceedings{mcfee2015librosa,
  title={librosa: Audio and music signal analysis in python},
  author={McFee, Brian and Raffel, Colin and Liang, Dawen and Ellis, Daniel P and McVicar, Matt and Battenberg, Eric and Nieto, Oriol},
  booktitle={Proceedings of the 14th python in science conference},
  volume={8},
  pages={18--25},
  year={2015},
  organization={Citeseer}
}
@inproceedings{steinmetz2021pyloudnorm,
  title={pyloudnorm: A simple yet flexible loudness meter in Python},
  author={Steinmetz, Christian J and Reiss, Joshua},
  booktitle={Audio Engineering Society Convention 150},
  year={2021},
  organization={Audio Engineering Society}
}
@software{audiomentations,
  author       = {Iver Jordal and
                  Araik Tamazian and
                  Emmanouil Theofanis Chourdakis and
                  Céline Angonin and
                  askskro and
                  Nikolay Karpov and
                  Omer Sarioglu and
                  kvilouras and
                  Enis Berk Çoban and
                  Florian Mirus and
                  Jeong-Yoon Lee and
                  Kwanghee Choi and
                  MarvinLvn and
                  SolomidHero and
                  Tanel Alumäe},
  title        = {iver56/audiomentations: v0.25.0},
  month        = may,
  year         = 2022,
  publisher    = {Zenodo},
  version      = {v0.25.0},
  doi          = {10.5281/zenodo.6594177},
  url          = {https://doi.org/10.5281/zenodo.6594177}
}

%%%%%%%%%%%%%%%% misc %%%%%%%%%%%%%%%%%%
@inproceedings{ioffe2015batchnorm,
  title={Batch normalization: Accelerating deep network training by reducing internal covariate shift},
  author={Ioffe, Sergey and Szegedy, Christian},
  booktitle={International conference on machine learning},
  pages={448--456},
  year={2015},
  organization={PMLR}
}
@article{srivastava2014dropout,
  title={Dropout: a simple way to prevent neural networks from overfitting},
  author={Srivastava, Nitish and Hinton, Geoffrey and Krizhevsky, Alex and Sutskever, Ilya and Salakhutdinov, Ruslan},
  journal={The journal of machine learning research},
  volume={15},
  number={1},
  pages={1929--1958},
  year={2014},
  publisher={JMLR. org}
}
@article{stevens1937melscale,
  title={A scale for the measurement of the psychological magnitude pitch},
  author={Stevens, Stanley Smith and Volkmann, John and Newman, Edwin Broomell},
  journal={The journal of the acoustical society of america},
  volume={8},
  number={3},
  pages={185--190},
  year={1937},
  publisher={Acoustical Society of America}
}
@article{kong2020panns,
  title={Panns: Large-scale pretrained audio neural networks for audio pattern recognition},
  author={Kong, Qiuqiang and Cao, Yin and Iqbal, Turab and Wang, Yuxuan and Wang, Wenwu and Plumbley, Mark D},
  journal={IEEE/ACM Transactions on Audio, Speech, and Language Processing},
  volume={28},
  pages={2880--2894},
  year={2020},
  publisher={IEEE}
}
@article{hornbostel1914systematik,
  title={Systematik der musikinstrumente. Ein versuch},
  author={Von Hornbostel, Erich M and Sachs, Curt},
  journal={Zeitschrift f{\"u}r Ethnologie},
  volume={46},
  number={H. 4/5},
  pages={553--590},
  year={1914},
  publisher={JSTOR}
}
@inproceedings{kratimenos2021augmentation,
  title={Augmentation methods on monophonic audio for instrument classification in polyphonic music},
  author={Kratimenos, Agelos and Avramidis, Kleanthis and Garoufis, Christos and Zlatintsi, Athanasia and Maragos, Petros},
  booktitle={2020 28th European Signal Processing Conference (EUSIPCO)},
  pages={156--160},
  year={2021},
  organization={IEEE}
}
@inproceedings{uhlich2017improving,
  title={Improving music source separation based on deep neural networks through data augmentation and network blending},
  author={Uhlich, Stefan and Porcu, Marcello and Giron, Franck and Enenkl, Michael and Kemp, Thomas and Takahashi, Naoya and Mitsufuji, Yuki},
  booktitle={2017 IEEE International Conference on Acoustics, Speech and Signal Processing (ICASSP)},
  pages={261--265},
  year={2017},
  organization={IEEE}
}
@article{tsoumakas2007multi,
  title={Multi-label classification: An overview},
  author={Tsoumakas, Grigorios and Katakis, Ioannis},
  journal={International Journal of Data Warehousing and Mining (IJDWM)},
  volume={3},
  number={3},
  pages={1--13},
  year={2007},
  publisher={IGI Global}
}
@inproceedings{davis2006relationship,
  title={The relationship between Precision-Recall and ROC curves},
  author={Davis, Jesse and Goadrich, Mark},
  booktitle={Proceedings of the 23rd international conference on Machine learning},
  pages={233--240},
  year={2006}
}
@article{van2008tSNE,
  title={Visualizing data using t-SNE.},
  author={Van der Maaten, Laurens and Hinton, Geoffrey},
  journal={Journal of machine learning research},
  volume={9},
  number={11},
  year={2008}
}
@article{crawshaw2020multi,
  title={Multi-task learning with deep neural networks: A survey},
  author={Crawshaw, Michael},
  journal={arXiv preprint arXiv:2009.09796},
  year={2020}
}
@article{borchani2015survey,
  title={A survey on multi-output regression},
  author={Borchani, Hanen and Varando, Gherardo and Bielza, Concha and Larranaga, Pedro},
  journal={Wiley Interdisciplinary Reviews: Data Mining and Knowledge Discovery},
  volume={5},
  number={5},
  pages={216--233},
  year={2015},
  publisher={Wiley Online Library}
}
@article{you2020co,
  title={Co-tuning for transfer learning},
  author={You, Kaichao and Kou, Zhi and Long, Mingsheng and Wang, Jianmin},
  journal={Advances in Neural Information Processing Systems},
  volume={33},
  pages={17236--17246},
  year={2020}
}
@inproceedings{tan2018survey,
  title={A survey on deep transfer learning},
  author={Tan, Chuanqi and Sun, Fuchun and Kong, Tao and Zhang, Wenchang and Yang, Chao and Liu, Chunfang},
  booktitle={International conference on artificial neural networks},
  pages={270--279},
  year={2018},
  organization={Springer}
}
@inproceedings{ribani2019survey,
  title={A survey of transfer learning for convolutional neural networks},
  author={Ribani, Ricardo and Marengoni, Mauricio},
  booktitle={2019 32nd SIBGRAPI conference on graphics, patterns and images tutorials (SIBGRAPI-T)},
  pages={47--57},
  year={2019},
  organization={IEEE}
}
@article{gururani2019attention,
  title={An attention mechanism for musical instrument recognition},
  author={Gururani, Siddharth and Sharma, Mohit and Lerch, Alexander},
  journal={arXiv preprint arXiv:1907.04294},
  year={2019}
}

