@Book{Mowlaee2016,
	Title                    = {Single Channel Phase-Aware Signal Processing in Speech Communication: Theory and Practice},
	Author                   = {P. Mowlaee and J. Kulmer and J. Stahl and F. Mayer},
	Publisher                = {John Wiley \& Sons, Ltd},
	Year                     = {2016}
}

@online{Example:Url,
	author={Dietmar Malli},
	title={{To be used for online resources}},
	url={https://malli.co.at},
	date={2012-07-06},
	urldate={2018-04-13}
}